<?xml version="1.0" encoding="UTF-8"?><collection xmlns="http://www.loc.gov/MARC21/slim"><record><leader>00505nam--2200181-i-4500</leader><controlfield tag="001">000036474</controlfield><controlfield tag="002">20161230</controlfield><controlfield tag="005">20161230201040</controlfield><controlfield tag="008">060222s1000------------r-----000-0-eng-d</controlfield><datafield ind1=" " ind2=" " tag="020"><subfield code="a">071671177X</subfield></datafield><datafield ind1=" " ind2=" " tag="040"><subfield code="a">IFIN-HH</subfield></datafield><datafield ind1=" " ind2=" " tag="080"><subfield code="a">539.12</subfield></datafield><datafield ind1="1" ind2=" " tag="100"><subfield code="a">Polkinghorne, J.C</subfield></datafield><datafield ind1="1" ind2="0" tag="245"><subfield code="a">The particle play</subfield><subfield code="b">An acount of the ulstimate constituents of matter</subfield><subfield code="c">J.c. polkinghorne</subfield></datafield><datafield ind1=" " ind2=" " tag="260"><subfield code="a">Oxford</subfield><subfield code="b">W.H.Freeman And Company</subfield><subfield code="c">1979</subfield></datafield><datafield ind1=" " ind2=" " tag="300"><subfield code="a">138 P</subfield></datafield><datafield ind1=" " ind2=" " tag="852"><subfield code="a">72447</subfield><subfield code="c">539.12</subfield></datafield><datafield ind1=" " ind2=" " tag="CAT"><subfield code="a">Sys</subfield><subfield code="c">20120111</subfield><subfield code="h">093616</subfield></datafield></record></collection>